@article{skogestad2003simple,
  title={Simple analytic rules for model reduction and PID controller tuning},
  author={Skogestad, Sigurd},
  journal={Journal of process control},
  volume={13},
  number={4},
  pages={291--309},
  year={2003},
  publisher={Elsevier}
} 
